@book{Gonzalez2008,
  author    = {R. C. Gonzalez and R. E. Woods},
  title     = {Digital Image Processing},
  edition   = {3},
  publisher = {Prentice Hall},
  year      = {2008}
}

@article{LeCun2015,
  author  = {Y. LeCun and Y. Bengio and G. Hinton},
  title   = {Deep learning},
  journal = {Nature},
  volume  = {521},
  number  = {7553},
  pages   = {436--444},
  year    = {2015}
}

@inproceedings{Krizhevsky2012,
  author    = {A. Krizhevsky and I. Sutskever and G. E. Hinton},
  title     = {ImageNet classification with deep convolutional neural networks},
  booktitle = {Advances in Neural Information Processing Systems},
  year      = {2012}
}

@article{Li2019,
  author  = {X. Li and others},
  title   = {Fusion of image processing techniques for fault detection in electrical insulators},
  journal = {IEEE Transactions on Power Delivery},
  volume  = {34},
  number  = {3},
  pages   = {1234--1241},
  year    = {2019}
}

@article{wang2023,
  author = {Wang, L. and Wan, H. and Huang, D. and Liu, J. and Tang, X. and Gan, L.},
  title = {Análise Sustentável da Detecção de Falhas em Isoladores Baseada em Otimização Visual Refinada},
  journal = {Sustainability},
  volume = {15},
  number = {4},
  pages = {3456},
  year = {2023},
  doi = {10.3390/su15043456}
}

@article{liu2021,
  author = {Liu, C. and Wu, Y. and Liu, J. and Sun, Z. and Xu, H.},
  title = {Detecção de Falhas em Isoladores em Imagens Aéreas de Linhas de Transmissão de Alta Voltagem Baseada em Modelo de Aprendizado Profundo},
  journal = {Appl. Sci.},
  volume = {11},
  number = {10},
  pages = {4647},
  year = {2021},
  doi = {10.3390/app11104647}
}

@article{zhang2022,
  author = {Zhang, Z. and Huang, S. and Li, Y. and Li, H. and Hao, H.},
  title = {Detecção de Defeitos em Isoladores por Imagem Baseada em Processamento Morfológico e Aprendizado Profundo},
  journal = {Energies},
  volume = {15},
  number = {7},
  pages = {2465},
  year = {2022},
  doi = {10.3390/en15072465}
}

@article{rodrigues2020comparing,
  author = {Rodrigues, Larissa Ferreira and Naldi, Murilo Coelho and Mari, João Fernando},
  title = {Comparing convolutional neural networks and preprocessing techniques for HEp-2 cell classification in immunofluorescence images},
  journal = {Computers in Biology and Medicine},
  volume = {116},
  pages = {103542},
  year = {2020},
  publisher = {Elsevier},
  url = {https://www.sciencedirect.com/science/article/pii/S0010482519303993},
  note = {Acessado em: 24 mar. 2025}
}

@inproceedings{ozturk2018histopathological,
  title={Effects of Histopathological Image Pre-processing on Convolutional Neural Networks},
  author={Şaban Öztürk and Bayram Akdemir},
  booktitle={Procedia Computer Science},
  volume={132},
  pages={396--403},
  year={2018},
  publisher={Elsevier},
  doi={10.1016/j.procs.2018.05.166}
}

@article{Salvi2021,
  author    = {Massimo Salvi and U. Rajendra Acharya and Filippo Molinari and Kristen M. Meiburger},
  title     = {The impact of pre- and post-image processing techniques on deep learning frameworks: A comprehensive review for digital pathology image analysis},
  journal   = {Computers in Biology and Medicine},
  volume    = {128},
  pages     = {104129},
  year      = {2021},
  publisher = {Elsevier},
  doi       = {10.1016/j.compbiomed.2020.104129}
}